@inproceedings{jia2023kernel,
	title={{Kernel Extension Verification is Untenable}},
	author={Jia, Jinghao and Sahu, Raj and Oswald, Adam and Williams, Dan and Le, Michael V and Xu, Tianyin},
	booktitle={Workshop on Hot Topics in Operating Systems (HotOS'23)},
	pages={150--157},
	year={2023},
	organization={ACM}
}

@misc{xieqingAVLTree,
  author       = {Xieqing},
  title        = {AVL Tree Repository},
  year         = {2024},
  url          = {https://github.com/xieqing/avl-tree},
  note         = {Accessed: 2024-11-15}
}