@misc{xieqingAVLTree,
  author       = {Xieqing},
  title        = {AVL Tree Repository},
  year         = {2024},
  url          = {https://github.com/xieqing/avl-tree},
  note         = {Accessed: 2024-11-15}
}